<?xml version="1.0" encoding="UTF-8"?><collection xmlns="http://www.loc.gov/MARC21/slim"><record><leader>00532nam--2200193-i-4500</leader><controlfield tag="001">000037492</controlfield><controlfield tag="002">20161230</controlfield><controlfield tag="005">20161230201041</controlfield><controlfield tag="008">060222s1000------------r-----000-0-eng-d</controlfield><datafield ind1=" " ind2=" " tag="040"><subfield code="a">IFIN-HH</subfield></datafield><datafield ind1=" " ind2=" " tag="080"><subfield code="a">681.785.5</subfield></datafield><datafield ind1="1" ind2=" " tag="100"><subfield code="a">Scott, V.D</subfield></datafield><datafield ind1="1" ind2="0" tag="245"><subfield code="a">Quantitative electron-probe microanalysis</subfield><subfield code="c">V.d. scott, g. love (eds.)</subfield></datafield><datafield ind1=" " ind2=" " tag="260"><subfield code="a">Chichester</subfield><subfield code="b">Ellis Horwood Limited</subfield><subfield code="c">1983</subfield></datafield><datafield ind1=" " ind2=" " tag="300"><subfield code="a">345P</subfield></datafield><datafield ind1=" " ind2=" " tag="490"><subfield code="a">Ellis Horwood Series: Physics</subfield></datafield><datafield ind1=" " ind2=" " tag="700"><subfield code="a">Love, G</subfield><subfield code="e">Ed</subfield></datafield><datafield ind1=" " ind2=" " tag="852"><subfield code="a">72865</subfield><subfield code="c">537.531</subfield></datafield><datafield ind1=" " ind2=" " tag="CAT"><subfield code="a">Sys</subfield><subfield code="c">20110810</subfield><subfield code="h">140127</subfield></datafield></record></collection>